<collection xmlns="http://www.loc.gov/MARC21/slim">
<record>
  <leader>01659nam0a22002771i 450 </leader>
  <controlfield tag="001">IT\ICCU\CNCE\061074</controlfield>
  <controlfield tag="005">20050905000000.0</controlfield>
  <datafield tag="012" ind1=" " ind2=" ">
    <subfield code="a">amet loa. amer qu&amp;d (C) 1522 (Q)</subfield>
    <subfield code="2">fei</subfield>
  </datafield>
  <datafield tag="100" ind1=" " ind2=" ">
    <subfield code="a">20050905f15061522    0itac0103    ba</subfield>
  </datafield>
  <datafield tag="101" ind1=" " ind2=" ">
    <subfield code="a">LAT</subfield>
  </datafield>
  <datafield tag="102" ind1=" " ind2=" ">
    <subfield code="a">IT</subfield>
  </datafield>
  <datafield tag="140" ind1=" " ind2=" ">
    <subfield code="a">                            </subfield>
  </datafield>
  <datafield tag="200" ind1="1" ind2=" ">
    <subfield code="a">Vocabularium breue Magistri Gasparini Pergomensis. In quo continentur omnia genera vocabulorum: que in vsu frequenti: &amp; quottidiana consuetudine versantur. Incipiens a rebus diuinis ad res Celestes: Aereas: Maritimas: Terrestres: Inanimatas: ac Animatas</subfield>
  </datafield>
  <datafield tag="210" ind1=" " ind2=" ">
    <subfield code="a">\Venezia</subfield>
    <subfield code="c">Alessandro Bindoni!</subfield>
  </datafield>
  <datafield tag="215" ind1=" " ind2=" ">
    <subfield code="a">\24?! c.; 8o</subfield>
  </datafield>
  <datafield tag="300" ind1=" " ind2=" ">
    <subfield code="a">((Luogo e nome del tipografo ricavati dalla marca; anni di attivita di Alessandro Bindoni: 1506-1522; cfr. Edit16. - Segn.: A-C8. - Da esemplare mutilo in fine</subfield>
  </datafield>
  <datafield tag="620" ind1=" " ind2=" ">
    <subfield code="a">IT</subfield>
    <subfield code="d">Venezia</subfield>
  </datafield>
  <datafield tag="700" ind1=" " ind2="1">
    <subfield code="a">Barzizza,</subfield>
    <subfield code="b">Gasparino</subfield>
    <subfield code="3">IT\ICCU\CNCA\001444</subfield>
  </datafield>
  <datafield tag="712" ind1="0" ind2="0">
    <subfield code="a">Bindoni, Alessandro</subfield>
    <subfield code="3">IT\ICCU\CNCT\000466</subfield>
    <subfield code="4">650</subfield>
  </datafield>
  <datafield tag="790" ind1=" " ind2="0">
    <subfield code="a">Gasparinus</subfield>
    <subfield code="c"> : Pergamensis</subfield>
    <subfield code="3">IT\ICCU\CNCA\012582</subfield>
    <subfield code="z">Barzizza, Gasparino</subfield>
  </datafield>
  <datafield tag="791" ind1="0" ind2="0">
    <subfield code="a">Bindonis, Alexander de</subfield>
    <subfield code="3">IT\ICCU\CNCT\004376</subfield>
    <subfield code="z">Bindoni, Alessandro</subfield>
  </datafield>
  <datafield tag="791" ind1="0" ind2="0">
    <subfield code="a">Bandoni, Alexandro de</subfield>
    <subfield code="3">IT\ICCU\CNCT\004377</subfield>
    <subfield code="z">Bindoni, Alessandro</subfield>
  </datafield>
  <datafield tag="801" ind1=" " ind2="3">
    <subfield code="a">IT</subfield>
    <subfield code="b">ICCU</subfield>
    <subfield code="c">20201115</subfield>
  </datafield>
  <datafield tag="899" ind1=" " ind2=" ">
    <subfield code="a">Biblioteca del Seminario Vescovile della Facolt ̉Teologica del Triveneto dell&apos;Istituto Filosofico Aloisianum. Padova</subfield>
    <subfield code="z">MUTILO</subfield>
    <subfield code="1">PD0073</subfield>
    <subfield code="2">PUV 01</subfield>
  </datafield>
  <datafield tag="911" ind1=" " ind2=" ">
    <subfield code="a">sul front</subfield>
    <subfield code="9">IT\ICCU\CNCM\000718</subfield>
  </datafield>
  <datafield tag="921" ind1=" " ind2=" ">
    <subfield code="a">IT\ICCU\CNCM\000718</subfield>
    <subfield code="b">Giustizia (donna coronata seduta in trono tra due leoni con spada e bilancia). In alto biscia e pera. In basso iniziali AB</subfield>
    <subfield code="c">A96</subfield>
    <subfield code="c">V283</subfield>
    <subfield code="c">Z684</subfield>
    <subfield code="f">AB</subfield>
    <subfield code="f">BILANCIA</subfield>
    <subfield code="f">GIUSTIZIA</subfield>
    <subfield code="f">LEONI</subfield>
    <subfield code="f">SPADA</subfield>
    <subfield code="g">1511-1532</subfield>
  </datafield>
</record>
</collection>
